<record xmlns="http://www.loc.gov/MARC21/slim" xmlns:xsi="http://www.w3.org/2001/XMLSchema-instance" xsi:schemaLocation="http://www.loc.gov/MARC21/slim http://www.loc.gov/standards/marcxml/schema/MARC21slim.xsd"><leader>00892cz   2200205n  4500</leader><controlfield tag="001">oca00275095 </controlfield><controlfield tag="005">20010416155714.0</controlfield><controlfield tag="008">790426n| acannaabn          |a aaa      </controlfield><datafield ind1=" " ind2=" " tag="010"><subfield code="a">n  79041642 </subfield></datafield><datafield ind1=" " ind2=" " tag="040"><subfield code="a">DLC</subfield><subfield code="b">eng</subfield><subfield code="c">DLC</subfield><subfield code="d">DLC</subfield><subfield code="d">NjP</subfield><subfield code="d">DLC</subfield><subfield code="d">OCoLC</subfield><subfield code="d">DLC</subfield></datafield><datafield ind1="0" ind2=" " tag="100"><subfield code="a">Velleius Paterculus,</subfield><subfield code="d">ca. 19 B.C.-ca. 30 A.D.</subfield></datafield><datafield ind1="0" ind2=" " tag="400"><subfield code="a">Velleio Patercolo,</subfield><subfield code="d">ca. 19 B.C.-ca. 30 A.D.</subfield></datafield><datafield ind1="0" ind2=" " tag="400"><subfield code="a">Wellejusz Paterkulus,</subfield><subfield code="d">ca. 19 B.C.-ca. 30 A.D.</subfield></datafield><datafield ind1="0" ind2=" " tag="400"><subfield code="a">Velleius Paterculus, C.,</subfield><subfield code="d">ca. 19 B.C.-ca. 30 A.D.</subfield><subfield code="w">nna</subfield></datafield><datafield ind1="0" ind2=" " tag="400"><subfield code="a">VelleiÌ&#x86; Paterkul,</subfield><subfield code="d">ca. 19 B.C.-ca. 30 A.D.</subfield></datafield><datafield ind1=" " ind2=" " tag="670"><subfield code="a">Enc. Br. microp. 15th ed.</subfield><subfield code="b">(Velleius Paterculus; b. ca. 19 B.C.; d. after A.D. 30)</subfield></datafield><datafield ind1=" " ind2=" " tag="670"><subfield code="a">Ox. Class. Dict., 1970</subfield><subfield code="b">(Velleius Paterculus; b. ca. 19 B.C.; d. after A.D. 30)</subfield></datafield><datafield ind1=" " ind2=" " tag="670"><subfield code="a">NemirovskiiÌ&#x86;, A. Rimskaiï¸&#160;aï¸¡ istoriiï¸&#160;aï¸¡ Velleiï¸&#160;aï¸¡ Paterkula, 1985.</subfield></datafield><datafield ind1=" " ind2=" " tag="675"><subfield code="a">Enc. Am.;</subfield><subfield code="a">Colliers</subfield></datafield><datafield ind1=" " ind2=" " tag="678"><subfield code="a">b. ca. 20 B.C.</subfield></datafield></record>